@article{HintonSalakhutdinov2006b,
  abstract = {High-dimensional data can be converted to low-dimensional codes by training a multilayer neural network with a small central layer to reconstruct high-dimensional input vectors. Gradient descent can be used for fine-tuning the weights in such "autoencoder" networks, but this works well only if the initial weights are close to a good solution. We describe an effective way of initializing the weights that allows deep autoencoder networks to learn low-dimensional codes that work much better than principal components analysis as a tool to reduce the dimensionality of data.},
  added-at = {2008-07-15T10:05:18.000+0200},
  author = {Hinton, G E and Salakhutdinov, R R},
  biburl = {https://www.bibsonomy.org/bibtex/2135bbce97b449ddf5fca7be88102b53c/tmalsburg},
  description = {Reducing the dimensionality of data with neural ne...[Science. 2006] - PubMed Result},
  doi = {10.1126/science.1127647},
  interhash = {019918b82518b74f443a22dc58a0117f},
  intrahash = {135bbce97b449ddf5fca7be88102b53c},
  journal = {Science},
  keywords = {dimensionalityreduction neuralnetworks parameterestimation},
  month = Jul,
  number = 5786,
  pages = {504-507},
  pmid = {16873662},
  timestamp = {2008-07-15T10:05:18.000+0200},
  title = {Reducing the dimensionality of data with neural networks},
  url = {http://www.ncbi.nlm.nih.gov/sites/entrez?db=pubmed&uid=16873662&cmd=showdetailview&indexed=google},
  volume = 313,
  year = 2006
}

@inproceedings{vincent2008extracting,
  title={Extracting and composing robust features with denoising autoencoders},
  author={Vincent, Pascal and Larochelle, Hugo and Bengio, Yoshua and Manzagol, Pierre-Antoine},
  booktitle={Proceedings of the 25th international conference on Machine learning},
  pages={1096--1103},
  year={2008},
  organization={ACM}
}

@article{vincent2010stacked,
  title={Stacked denoising autoencoders: Learning useful representations in a deep network with a local denoising criterion},
  author={Vincent, Pascal and Larochelle, Hugo and Lajoie, Isabelle and Bengio, Yoshua and Manzagol, Pierre-Antoine},
  journal={Journal of machine learning research},
  volume={11},
  number={Dec},
  pages={3371--3408},
  year={2010}
}

@article{makhzani2013k,
  title={K-sparse autoencoders},
  author={Makhzani, Alireza and Frey, Brendan},
  journal={arXiv preprint arXiv:1312.5663},
  year={2013}
}

@inproceedings{rifai2011higher,
  title={Higher order contractive auto-encoder},
  author={Rifai, Salah and Mesnil, Gr{\'e}goire and Vincent, Pascal and Muller, Xavier and Bengio, Yoshua and Dauphin, Yann and Glorot, Xavier},
  booktitle={Joint European Conference on Machine Learning and Knowledge Discovery in Databases},
  pages={645--660},
  year={2011},
  organization={Springer}
}

@article{kingma2013auto,
  title={Auto-encoding variational bayes},
  author={Kingma, Diederik P and Welling, Max},
  journal={arXiv preprint arXiv:1312.6114},
  year={2013}
}

@article{kullback1951information,
  title={On information and sufficiency},
  author={Kullback, Solomon and Leibler, Richard A},
  journal={The annals of mathematical statistics},
  volume={22},
  number={1},
  pages={79--86},
  year={1951},
  publisher={JSTOR}
}

@article{jensen1906fonctions,
  title={Sur les fonctions convexes et les in{\'e}galit{\'e}s entre les valeurs moyennes},
  author={Jensen, Johan Ludwig William Valdemar},
  journal={Acta mathematica},
  volume={30},
  number={1},
  pages={175--193},
  year={1906},
  publisher={Springer}
}

@article{higgins2016beta,
  title={beta-vae: Learning basic visual concepts with a constrained variational framework},
  author={Higgins, Irina and Matthey, Loic and Pal, Arka and Burgess, Christopher and Glorot, Xavier and Botvinick, Matthew and Mohamed, Shakir and Lerchner, Alexander},
  year={2016}
}

@article{bengio2013representation,
  title={Representation learning: A review and new perspectives},
  author={Bengio, Yoshua and Courville, Aaron and Vincent, Pascal},
  journal={IEEE transactions on pattern analysis and machine intelligence},
  volume={35},
  number={8},
  pages={1798--1828},
  year={2013},
  publisher={IEEE}
}

@article{kingma2014adam,
  title={Adam: A method for stochastic optimization},
  author={Kingma, Diederik P and Ba, Jimmy},
  journal={arXiv preprint arXiv:1412.6980},
  year={2014}
}

@inproceedings{chen2016infogan,
  title={Infogan: Interpretable representation learning by information maximizing generative adversarial nets},
  author={Chen, Xi and Duan, Yan and Houthooft, Rein and Schulman, John and Sutskever, Ilya and Abbeel, Pieter},
  booktitle={Advances in neural information processing systems},
  pages={2172--2180},
  year={2016}
}

@inproceedings{kulkarni2015deep,
  title={Deep convolutional inverse graphics network},
  author={Kulkarni, Tejas D and Whitney, William F and Kohli, Pushmeet and Tenenbaum, Josh},
  booktitle={Advances in neural information processing systems},
  pages={2539--2547},
  year={2015}
}

@article{burgess2018understanding,
  title={Understanding disentangling in $\beta$-VAE},
  author={Burgess, Christopher P and Higgins, Irina and Pal, Arka and Matthey, Loic and Watters, Nick and Desjardins, Guillaume and Lerchner, Alexander},
  journal={arXiv preprint arXiv:1804.03599},
  year={2018}
}
















